<collection xmlns="http://www.loc.gov/MARC21/slim"><record><leader>00882nam  2200277   450</leader><controlfield tag="001">28</controlfield><controlfield tag="003">http://montalegre.opacnet.com/OPAC/default.aspx?ContentAreaControl=ShowRegHoldings.ascx&amp;RegNo=16662</controlfield><controlfield tag="005">20</controlfield><datafield tag="010" ind1=" " ind2=" "><subfield code="a">972-41-1785-5</subfield></datafield><datafield tag="021" ind1=" " ind2=" "><subfield code="a">PT</subfield><subfield code="b">173554/01</subfield></datafield><datafield tag="100" ind1=" " ind2=" "><subfield code="a">20061013d2001    me y0pory010305  ba</subfield></datafield><datafield tag="101" ind1="1" ind2=" "><subfield code="a">por</subfield><subfield code="c">eng</subfield></datafield><datafield tag="102" ind1=" " ind2=" "><subfield code="a">PT</subfield></datafield><datafield tag="105" ind1=" " ind2=" "><subfield code="a">y   z   000yy</subfield></datafield><datafield tag="200" ind1="1" ind2=" "><subfield code="a">Sem piedade</subfield><subfield code="e">&lt;a &gt;luta de uma mulher contra a moderna escravatura</subfield><subfield code="f">Mirian Ali</subfield><subfield code="g">Jana Wain</subfield><subfield code="g">trad. Mário Dias Correia</subfield></datafield><datafield tag="205" ind1=" " ind2=" "><subfield code="a">6ª ed</subfield></datafield><datafield tag="210" ind1=" " ind2=" "><subfield code="a">Porto</subfield><subfield code="c">Asa</subfield><subfield code="d">2001</subfield></datafield><datafield tag="215" ind1=" " ind2=" "><subfield code="a">270, [2] p., [8] p. il</subfield><subfield code="c">il.</subfield><subfield code="d">24 cm</subfield></datafield><datafield tag="225" ind1="2" ind2=" "><subfield code="a">Documentos</subfield></datafield><datafield tag="304" ind1=" " ind2=" "><subfield code="a">Tít. orig.: Without mercy</subfield></datafield><datafield tag="675" ind1=" " ind2=" "><subfield code="a">821</subfield></datafield><datafield tag="700" ind1=" " ind2="1"><subfield code="a">Ali</subfield><subfield code="b">Miriam</subfield></datafield><datafield tag="701" ind1=" " ind2="1"><subfield code="a">Wain</subfield><subfield code="b">Jana</subfield><subfield code="4">070</subfield></datafield><datafield tag="702" ind1=" " ind2="1"><subfield code="a">Correia</subfield><subfield code="b">Mário Dias</subfield><subfield code="4">730</subfield></datafield><datafield tag="801" ind1=" " ind2="0"><subfield code="a">PT</subfield><subfield code="b">Biblioteca Municipal de Montalegre</subfield><subfield code="g">RPC</subfield></datafield><datafield tag="856" ind1=" " ind2=" "><subfield code="u">locateMedia.asp?cod=20060504143319&amp;ext=jpg</subfield><subfield code="z">CAPA</subfield></datafield><datafield tag="909" ind1="&#9;" ind2=" "><subfield code="a">1</subfield></datafield><datafield tag="966" ind1=" " ind2=" "><subfield code="a">0015696</subfield><subfield code="l">BMM</subfield><subfield code="s">SCG 82-94 ALI sem</subfield></datafield></record></collection>